@book{ref:hoinkis_chemie_2007,
	title = {Chemie für {Ingenieure}},
	isbn = {978-3-527-31798-1},
	url = {https://books.google.de/books?id=BiXMGAAACAAJ},
	publisher = {John Wiley \& Sons, Limited},
	author = {Hoinkis, J. and Lindner, E.},
	year = {2007}
}

@article{ref:debye_theorie_1923,
	title = {De la theorie des electrolytes. {I}. abaissement du point de congelation et phenomenes associes},
	volume = {24},
	number = {9},
	journal = {Physikalische Zeitschrift},
	author = {Debye, P and Hückel, E},
	year = {1923},
	pages = {185--206}
}

@book{ref:walker_crc_1990,
	title = {{CRC} {Handbook} of {Metal} {Etchants}},
	isbn = {978-1-4398-2253-1},
	url = {https://books.google.de/books?id=-2ObmTZTq2QC},
	publisher = {CRC Press},
	author = {Walker, P. and Tarn, W.H.},
	year = {1990}
}

@book{ref:gesellschaft_vdi-warmeatlas_2005,
	series = {{VDI}-{W\"armeatlas}},
	title = {{VDI}-{W\"armeatlas}},
	isbn = {978-3-540-25503-1},
	url = {https://books.google.de/books?id=FyJBFadu8c0C},
	publisher = {Springer Berlin Heidelberg},
	author = {Gesellschaft, VDI},
	year = {2005}
}

@article{ref:pitzer_thermodynamics_1973,
	title = {Thermodynamics of electrolytes. {I}. {Theoretical} basis and general equations},
	volume = {77},
	issn = {0022-3654},
	number = {2},
	journal = {The Journal of Physical Chemistry},
	author = {Pitzer, Kenneth S},
	year = {1973},
	pages = {268--277}
}

@incollection{ref:noauthor_wertigkeit_1998,
	address = {Heidelberg},
	title = {Wertigkeit},
	url = {http://www.spektrum.de/lexikon/chemie/wertigkeit/9933},
	urldate = {2018-03-25},
	booktitle = {Lexikon der {Chemie}},
	publisher = {Spektrum Akademischer Verlag},
	year = {1998}
}

@article{ref:rastogi_estimation_1980,
	title = {Estimation of {Thermodynamic} {Properties} of {Binary} {Aqueous} {Electrolytic} {Solutions} in the {Range} 25-100° {C}},
	volume = {19},
	issn = {0196-4305},
	number = {3},
	journal = {Industrial \& Engineering Chemistry Process Design and Development},
	author = {Rastogi, Anil and Tassios, Dimitrios},
	year = {1980},
	pages = {477--482}
}

@incollection{ref:noauthor_coulomb-gesetz_1998,
	address = {Heidelberg},
	title = {Coulomb-{Gesetz}},
	url = {http://www.spektrum.de/lexikon/chemie/coulombsches-gesetz/2046},
	urldate = {2018-03-23},
	booktitle = {Lexikon der {Chemie}},
	publisher = {Spektrum Akademischer Verlag},
	year = {1998}
}

@incollection{ref:noauthor_coulomb-gesetz_1998-1,
	address = {Heidelberg},
	title = {Coulomb-{Gesetz}},
	url = {http://www.spektrum.de/lexikon/physik/coulomb-gesetz/2586},
	urldate = {2018-03-24},
	booktitle = {Lexikon der {Physik}},
	publisher = {Spektrum Akademischer Verlag},
	year = {1998}
}

@misc{ref:noauthor_van--waalsche_1998,
	address = {Heidelberg},
	title = {van-der-{Waalsche} {Bindungskräfte}},
	url = {http://www.spektrum.de/lexikon/chemie/van-der-waalssche-bindungskraefte/9696},
	urldate = {2018-03-23},
	journal = {Lexikon der Chemie},
	publisher = {Spektrum Akademischer Verlag},
	year = {1998}
}

@article{ref:anderson_recovery_1990,
	title = {Recovery of aluminium finishing wastes},
	volume = {43},
	issn = {0032-9762},
	journal = {Product Finishing},
	author = {Anderson, WS},
	year = {1990},
	pages = {7--9}
}

@article{ref:jangbarwala_ion_1997,
	title = {Ion exchange resins for metal finishing wastes},
	volume = {95},
	issn = {0026-0576},
	number = {11},
	journal = {Metal finishing},
	author = {Jangbarwala, Juzer},
	year = {1997},
	pages = {33--34}
}

@article{ref:shikami_recycling_1996,
	title = {Recycling of waste sulfuric acid},
	url = {https://www.google.de/patents/US5523518},
	author = {Shikami, S. and Satoh, H.},
	month = jun,
	year = {1996}
}

@article{ref:lin_recovery_1998,
	title = {Recovery of sulfuric acid from waste aluminum surface processing solution by diffusion dialysis},
	volume = {60},
	issn = {0304-3894},
	number = {3},
	journal = {Journal of hazardous materials},
	author = {Lin, Sheng H and Lo, Mu C},
	year = {1998},
	pages = {247--257}
}

@book{ref:dietrich_hartinger_2017,
	address = {M\"unchen},
	edition = {3},
	title = {Hartinger {Handbuch} {Abwasser}- und {Recyclingtechnik}},
	isbn = {978-3-446-43170-6 978-3-446-44901-5},
	url = {http://www.hanser-elibrary.com/doi/book/10.3139/9783446449015},
	language = {de},
	urldate = {2018-02-05},
	publisher = {Carl Hanser Verlag GmbH \& Co. KG},
	author = {Dietrich, Günter},
	month = oct,
	year = {2017},
	doi = {10.3139/9783446449015}
}

@article{ref:bromley_thermodynamic_1973,
	title = {Thermodynamic properties of strong electrolytes in aqueous solutions},
	volume = {19},
	issn = {1547-5905},
	number = {2},
	journal = {AIChE Journal},
	author = {Bromley, Leroy A},
	year = {1973},
	pages = {313--320}
}

@article{ref:guggenheim_specific_1955,
	title = {Specific interaction of ions},
	author = {Guggenheim, EA and Turgeon, JC},
	year = {1955}
}

@book{ref:luckas_thermodynamik_2013,
	title = {Thermodynamik der {Elektrolytl\"osungen}: {Eine} einheitliche {Darstellung} der {Berechnung} komplexer {Gleichgewichte}},
	isbn = {978-3-642-56785-8},
	url = {https://books.google.de/books?id=OhggBgAAQBAJ},
	publisher = {Springer Berlin Heidelberg},
	author = {Luckas, M. and Krissmann, J.},
	year = {2013}
}

@techreport{ref:heubner_edelstahl_2014,
	address = {Werdohl},
	title = {Edelstahl {Rostfrei} – {Eigenschaften}},
	url = {http://www.edelstahl-rostfrei.de/downloads/iser/MB_821.pdf},
	number = {Merkblatt 821},
	urldate = {2017-10-06},
	institution = {Informationsstelle Edelstahl Rostfrei},
	author = {Heubner, Ulrich},
	year = {2014},
	file = {MB_821.pdf:files/562/MB_821.pdf:application/pdf}
}

@article{ref:rogener_metal_2012,
	title = {Metal recovery from spent stainless steel pickling solutions},
	volume = {60},
	issn = {0921-3449},
	journal = {Resources, Conservation and Recycling},
	author = {Rögener, Frank and Sartor, Miriam and Bán, Andreas and Buchloh, Dirk and Reichardt, Tilo},
	year = {2012},
	pages = {72--77}
}

@article{ref:clegg_thermodynamics_1992,
	title = {Thermodynamics of multicomponent, miscible, ionic solutions. {Mixtures} including unsymmetrical electrolytes},
	volume = {96},
	issn = {0022-3654},
	url = {http://dx.doi.org/10.1021/j100202a074},
	doi = {10.1021/j100202a074},
	number = {23},
	journal = {The Journal of Physical Chemistry},
	author = {Clegg, Simon L. and Pitzer, Kenneth S. and Brimblecombe, Peter},
	month = nov,
	year = {1992},
	pages = {9470--9479},
	annote = {doi: 10.1021/j100202a074}
}

@article{ref:dutrizac_iron_1986,
	title = {Iron {Control} in {Hydrometallurgy}.},
	url = {https://www.scopus.com/inward/record.uri?eid=2-s2.0-0022823767&partnerID=40&md5=f949cbb572dd2e5784e1a09bc7adf7b2},
	journal = {Iron Control in Hydrometallurgy.},
	author = {Dutrizac, J.E. and Monhemius, A.J.},
	year = {1986},
	annote = {Cited By :28},
	annote = {Export Date: 25 May 2017}
}

@book{ref:dutrizac_iron_1986-1,
	series = {Ellis {Horwood} {Series} in {Industrial} {Metals}},
	title = {Iron {Control} in {Hydrometallurgy}},
	isbn = {978-0-13-505991-3},
	url = {https://books.google.de/books?id=BNHAAAAACAAJ},
	publisher = {Prentice Hall},
	author = {Dutrizac, J.E. and Monhemius, A.J.},
	year = {1986}
}

@misc{ref:noauthor_metals_nodate,
	title = {Metals {Reference} {Book} - {Google} {Books}},
	url = {https://books.google.de/books?id=hUIvBQAAQBAJ&pg=PA1489&lpg=PA1489&dq=density+of+pickling+bath+stainless+steel&source=bl&ots=FE9r_k-zVH&sig=bGOQU3ArrkZLsaMavGvlQF9kvg0&hl=de&sa=X&ved=0ahUKEwj_1s2BrvrTAhXMthoKHSLtBKkQ6AEIYzAI#v=onepage&q=density%20of%20pickling%20bath%20stainless%20steel&f=false},
	urldate = {2017-05-18},
	file = {Metals Reference Book - Google Books:files/584/books.html:text/html}
}

@book{ref:zemaitis_handbook_2010,
	title = {Handbook of {Aqueous} {Electrolyte} {Thermodynamics}: {Theory} \& {Application}},
	isbn = {978-0-470-93840-9},
	url = {https://books.google.de/books?id=7L21NQZpsmMC},
	publisher = {Wiley},
	author = {Zemaitis, J.F. and Clark, D.M. and Rafal, M. and Scrivner, N.C.},
	year = {2010}
}

@article{ref:fernando_solution_1990,
	title = {Solution chemistry of {HNO}3/{HF} pickle mixtures},
	volume = {21},
	issn = {1543-1916},
	url = {http://dx.doi.org/10.1007/BF02658110},
	doi = {10.1007/BF02658110},
	abstract = {Fundamental aspects of nitric and hydrofluoric mixed-acid pickle solution chemistry are discussed. Results from a computer model designed to predict the behavior of the pickle acid mixture are compared with measured parameters. There is a continuous increase in the complexed fluoride-to-iron ratio as the solution HF/Fe ratio and the F (total)/Fe ratio increases. Dissolved chromium only marginally reduces the HF concentration. The complexation reactions result in the generation of nitric acid with the consumption of hydrofluoric acid, leading to higher than expected nitric acid concentration values. Although further refinements to the computer model are needed, the model gives new insight to the behavior of pickle solutions, such as the distribution of various fluoride species at different F/Fe ratios.},
	number = {1},
	journal = {Metallurgical Transactions B},
	author = {Fernando, Lancelot A.},
	year = {1990},
	pages = {5--9}
}

@misc{ref:kopac_wilson_nodate,
	title = {Wilson multicomponent activity model},
	url = {http://de.mathworks.com/matlabcentral/fileexchange/24640-wilson-multicomponent-activity-model},
	urldate = {2016-11-10},
	author = {Kopac, Jakub},
	file = {Wilson multicomponent activity model - File Exchange - MATLAB Central:files/598/24640-wilson-multicomponent-activity-model.html:text/html}
}

@book{ref:hoinkis_chemie_2007,
	title = {Chemie für {Ingenieure}},
	isbn = {978-3-527-31798-1},
	url = {https://books.google.de/books?id=BiXMGAAACAAJ},
	publisher = {John Wiley \& Sons, Limited},
	author = {Hoinkis, J. and Lindner, E.},
	year = {2007}
}

@book{ref:hamann_elektrochemie_2005,
	title = {Elektrochemie},
	isbn = {978-3-527-31068-5},
	url = {https://books.google.de/books?id=TLXeAAAACAAJ},
	publisher = {John Wiley \& Sons Australia, Limited},
	author = {Hamann, C.H. and Vielstich, W.},
	year = {2005}
}
